<record><leader>00000cas a2200000 a 4500</leader><controlfield tag="001">9496023</controlfield><controlfield tag="008">830510d18801951iauwr ne      0    0dan c</controlfield><datafield ind1=" " ind2=" " tag="010"><subfield code="a">sn 83045492 </subfield></datafield><datafield ind1=" " ind2=" " tag="040"><subfield code="a">CRL</subfield><subfield code="b">eng</subfield><subfield code="c">CRL</subfield><subfield code="d">NPW</subfield><subfield code="d">NPT</subfield><subfield code="d">INP</subfield><subfield code="d">NVG</subfield><subfield code="d">ATL</subfield><subfield code="d">OCLCQ</subfield><subfield code="d">OCLCF</subfield><subfield code="d">OCLCO</subfield></datafield><datafield ind1="1" ind2=" " tag="029"><subfield code="a">AU@</subfield><subfield code="b">000020414126</subfield></datafield><datafield ind1=" " ind2=" " tag="042"><subfield code="a">pcc</subfield></datafield><datafield ind1=" " ind2=" " tag="043"><subfield code="a">n-us---</subfield></datafield><datafield ind1=" " ind2="4" tag="050"><subfield code="a">BX8056</subfield></datafield><datafield ind1="0" ind2=" " tag="130"><subfield code="a">Dannevirke (Cedar Falls, Iowa)</subfield></datafield><datafield ind1="1" ind2="0" tag="245"><subfield code="a">Dannevirke.</subfield></datafield><datafield ind1=" " ind2=" " tag="260"><subfield code="a">Cedar Falls, Iowa :</subfield><subfield code="b">Holst &amp; Christiansen,</subfield><subfield code="c">1880-1951.</subfield></datafield><datafield ind1=" " ind2=" " tag="300"><subfield code="a">72 v. :</subfield><subfield code="b">ill. ;</subfield><subfield code="c">51 cm.</subfield></datafield><datafield ind1=" " ind2=" " tag="310"><subfield code="a">Weekly</subfield></datafield><datafield ind1="0" ind2=" " tag="362"><subfield code="a">1. aarg., num. 1 (1. Jan. 1880)-72. aarg., nr. 39 (10. Okt. 1951).</subfield></datafield><datafield ind1=" " ind2=" " tag="500"><subfield code="a">Title from caption.</subfield></datafield><datafield ind1=" " ind2=" " tag="515"><subfield code="a">Issues for 1919 and 1920 called v. 40; issues for 1933 and 1934 called v. 54; issues for 1937 called v. 56 and 58.</subfield></datafield><datafield ind1=" " ind2=" " tag="515"><subfield code="a">Vols. 51 and 57 omitted in numbering.</subfield></datafield><datafield ind1=" " ind2=" " tag="530"><subfield code="a">Also issued on microfilm by American Theological Library Association.</subfield></datafield><datafield ind1=" " ind2="0" tag="650"><subfield code="a">Lutherans, Danish</subfield><subfield code="v">Newspapers.</subfield></datafield><datafield ind1=" " ind2="0" tag="650"><subfield code="a">Danes</subfield><subfield code="z">United States</subfield><subfield code="v">Newspapers.</subfield></datafield><datafield ind1=" " ind2="0" tag="650"><subfield code="a">Danish Americans</subfield><subfield code="v">Newspapers.</subfield></datafield><datafield ind1=" " ind2="0" tag="650"><subfield code="a">Danish American newspapers.</subfield></datafield><datafield ind1=" " ind2="7" tag="655"><subfield code="a">Newspapers.</subfield><subfield code="2">fast</subfield><subfield code="0">(OCoLC)fst01423814</subfield></datafield><datafield ind1=" " ind2="7" tag="650"><subfield code="a">Danes.</subfield><subfield code="2">fast</subfield><subfield code="0">(OCoLC)fst00887617</subfield></datafield><datafield ind1=" " ind2="7" tag="650"><subfield code="a">Danish American newspapers.</subfield><subfield code="2">fast</subfield><subfield code="0">(OCoLC)fst00887764</subfield></datafield><datafield ind1=" " ind2="7" tag="650"><subfield code="a">Danish Americans.</subfield><subfield code="2">fast</subfield><subfield code="0">(OCoLC)fst00887668</subfield></datafield><datafield ind1=" " ind2="7" tag="650"><subfield code="a">Lutherans, Danish.</subfield><subfield code="2">fast</subfield><subfield code="0">(OCoLC)fst01004083</subfield></datafield><datafield ind1=" " ind2="7" tag="651"><subfield code="a">United States.</subfield><subfield code="2">fast</subfield><subfield code="0">(OCoLC)fst01204155</subfield></datafield><datafield ind1=" " ind2=" " tag="752"><subfield code="a">United States</subfield><subfield code="b">Iowa</subfield><subfield code="c">Black Hawk</subfield><subfield code="d">Cedar Falls.</subfield></datafield><datafield ind1="1" ind2=" " tag="776"><subfield code="c">Microfilm</subfield><subfield code="d">American Theological Library Association</subfield><subfield code="w">(DLC)   00221682</subfield><subfield code="w">(OCoLC)45006630</subfield></datafield><datafield ind1="0" ind2="0" tag="780"><subfield code="t">Dannevirke (Racine, Wis.)</subfield></datafield><datafield ind1="0" ind2="4" tag="785"><subfield code="t">Decorah-posten og ved arnen</subfield><subfield code="w">(DLC)sn 83045473</subfield><subfield code="w">(OCoLC)1699348</subfield></datafield></record>